2984 4959
276 426 347 512 aaa
467 415 488 530 ’,
518 426 576 510 Μ.
598 367 1074 524 raaqrnurrrnm.

270 614 397 720 potest
411 615 529 688 etiam
544 620 814 708 juventutem:
842 632 974 708 tamen
988 619 1055 693 vel
1068 616 1279 700 infirmitas

107 823 110 828 Ι
271 759 294 821 a
316 730 607 807 robustioribus
633 728 845 831 separanda
870 732 925 807 est
932 739 951 823 ξ
990 750 1028 808 et
1058 736 1278 830 carendum

191 871 194 875 ’
270 874 355 926 non
369 844 500 923 solum
518 847 683 921 crimine
701 848 977 948 turpitudinis,
989 874 1143 940 rerum
1157 852 1295 950 etiam

227 959 504 1062 assuspicione.
546 966 651 1044 Haec
665 962 838 1036 notanda
856 964 1030 1038 breviter
1044 948 1280 1041 existimavi,¹

271 1081 382 1164 Nam¹
394 1093 440 1152 ut
456 1075 550 1149 absit
567 1076 623 1172 ab·
633 1077 786 1152 ultimis
800 1079 909 1182 vitiis
924 1077 1007 1178 ipse
1024 1097 1278 1179 praeceptor,
1350 1063 1353 1070 ¹

233 1247 243 1292 ;
270 1193 315 1271 dc
342 1190 494 1279 schola,
523 1217 575 1266 ne
603 1191 931 1291 praecipiendum
955 1194 1119 1293 quidem
1134 1180 1275 1290 credo.
1318 1239 1320 1244 ·

271 1311 327 1385 Ac
347 1304 376 1381 sr
400 1310 489 1405 quis
512 1304 585 1393 est,
617 1307 689 1405 qui
715 1303 862 1406 flagitia
883 1306 1088 1383 manifesta
1107 1311 1152 1384 in
1174 1309 1276 1386 deli·

121 1509 125 1516 ,
269 1422 401 1522 gendo
432 1419 507 1495 filii
531 1437 784 1521 praeceptore
808 1447 894 1496 non
917 1424 1034 1511 vitet,
1069 1428 1148 1524 jam
1177 1421 1281 1529 hinc
1317 1449 1321 1456 ·

153 1631 159 1638 ι
269 1535 379 1626 sciat,
393 1613 396 1622 ,
411 1553 537 1639 cetera
559 1560 741 1634 quoque,
771 1560 873 1634 quae
895 1535 945 1611 ad
970 1539 1182 1620 utilitatem
1209 1544 1344 1630 judas

269 1654 445 1746 pentutis
473 1675 712 1750 componere
741 1676 951 1748 conamur,
979 1648 1052 1748 elle
1078 1650 1169 1742 fibi,
1198 1652 1274 1726 lrac
1307 1727 1309 1734 ,

270 1782 379 1870 parte
396 1763 549 1855 omissa,
575 1764 827 1866 supervacua.

358 1999 422 2069 III.
451 1997 517 2069 Ne
539 1995 704 2070 illorum
721 1992 887 2094 quidem
904 1990 1097 2094 persuasio
1117 1993 1273 2074 silentio

145 2137 151 2158 ⁸
270 2108 505 2188 transeunda
521 2110 594 2199 est,
624 2114 714 2209 qui,
743 2112 862 2184 etiam
879 2137 973 2183 cum
992 2110 1159 2210 idoneos
1183 2112 1274 2185 rhe-

271 2229 350 2306 tori
367 2252 513 2326 pueros
531 2241 790 2325 putaverunt,
820 2213 905 2300 non
926 2240 1055 2300 tamen
1077 2227 1272 2303 continuo

234 2365 238 2372 ’
269 2341 482 2419 tradendos
517 2338 816 2420 eminentissimo
852 2339 1039 2427 credunt,
1066 2337 1135 2415 sed
1163 2339 1273 2441 apud

151 2471 154 2486 ’
208 2493 212 2520 =
268 2459 445 2538 minores
459 2455 706 2553 aliquamdiu
725 2453 923 2529 detinent:
953 2470 1142 2553 tanquam
1160 2449 1272 2534 insti..

269 2570 429 2645 tuendis
465 2570 613 2643 artibus
652 2570 774 2667 magis
814 2568 859 2642 fit
896 2586 983 2668 apta
1018 2572 1271 2647 mediocritas
1347 2555 1351 2568 ⁸

269 2686 553 2788 praeceptoris,
583 2710 675 2758 cum
697 2683 746 2757 ad
767 2685 1015 2771 intellectum
1040 2702 1156 2786 atque
1178 2687 1295 2760 imi-1
1366 2759 1368 2766 ,

268 2800 460 2876 tationem
493 2797 667 2886 facilior,
702 2815 790 2873 tum
817 2800 867 2873 ad
895 2797 1173 2899 suscipiendas
1191 2802 1268 2875 ele·

185 2987 188 2994 .
246 2931 496 3024 cruentorum
518 2914 714 3001 molestias
734 2918 868 2990 miuus
887 2913 1063 3015 superba.
1121 2916 1269 3024 Quain

266 3058 310 3108 re
339 3029 442 3107 milri
471 3057 555 3107 non
586 3032 757 3104 arbitror
791 3030 865 3105 diu
899 3031 1180 3119 laborandum,
1222 3048 1269 3107 ut
1362 3109 1366 3115 ,

263 3141 488 3236 ostendam,
526 3162 673 3244 quanto
700 3145 745 3219 fit
765 3146 1097 3245 meliusoptimis
1118 3148 1268 3236 imbui,
1311 3201 1314 3207 -
1352 3185 1355 3198 =

266 3278 490 3363 quantaque
519 3263 564 3336 in
594 3260 794 3350 eluendiS,
831 3288 932 3360 quae
965 3260 1086 3337 semel
1114 3261 1268 3360 insede·

265 3381 364 3466 rint,
395 3381 523 3465 vitiis,
548 3375 753 3452 difficultas
774 3376 1055 3478 consequatur:
1086 3403 1178 3454 cum
1202 3401 1269 3477 ge·
1382 3370 1384 3376 ’

264 3481 462 3568 minatum
476 3520 576 3568 onus
591 3490 840 3567 succedentes
859 3508 1026 3592 premat,
1049 3492 1268 3591 etquidem
1367 3525 1370 3530 ·

265 3587 489 3683 deddcendi
515 3610 672 3708 gravius
703 3634 745 3681 ac
768 3609 901 3705 prius,
938 3634 1059 3704 quant
1082 3608 1265 3709 docendi.⁴

238 3728 429 3823 3Propter
466 3722 578 3823 quod
617 3722 876 3797 Timotheum
912 3723 1063 3795 clarum
1102 3725 1147 3796 in
1185 3738 1267 3796 arte
1328 3772 1333 3788 .

324 3913 487 3972 quantaque.
526 3895 620 3952 Guelf.
636 3912 663 3950 et
676 3895 771 3950 Turio.
787 3895 925 3948 omittunt
941 3916 991 3971 que
1005 3914 1071 3950 cum
1086 3895 1174 3952 Goth.
1192 3901 1266 3966 (tac.

264 3977 360 4074 (ἰείη)
375 3996 402 4033 et
414 3981 521 4054 aliquot
537 3980 599 4035 edd.
621 4000 678 4080 nqn
692 3979 771 4033 male.

299 4096 479 4162 jravontutom,
502 4098 661 4174 oppositam¹
675 4113 741 4171 pue·
828 4096 1004 4150 Tiozotbeum.
1036 4094 1193 4156 Milefium,
1211 4110 1266 4149 tra·

261 4178 340 4230 ritiae
363 4178 383 4230 i.
406 4197 430 4232 e.
451 4180 633 4236 adolescentes
657 4180 741 4235 robu·
783 4179 893 4257 gicum,
914 4172 1139 4255 διθυραμβοποιδν
1158 4195 1186 4233 et
1202 4200 1266 4234 mu.

264 4263 367 4316 stiores.
782 4266 867 4320 ficum
895 4262 1089 4326 clarissimum.
1120 4264 1264 4340 Euripidis
1339 4329 1345 4346 Ι
1378 4335 1382 4356 Ι
