2984 4959
226 505 393 582 ,ιιι
520 466 1070 595 nrmomnrnnm'
1176 522 1178 526 ·
1293 449 1296 456 ’

237 693 275 769 4'1
286 689 378 764 dem
392 677 521 764 'modo
535 683 651 787 posse.
691 692 913 764 Immntotio
928 686 1008 762 fine
1023 683 1289 763 controverfie

276 802 361 892 est,
380 828 472 876 cum
487 801 597 878 aliud
611 829 686 902 pro
702 805 780 878 alio
801 806 975 905 ponitur.
1003 802 1049 876 Id
1063 819 1134 901 per
1149 828 1288 878 onmes
1357 793 1359 798 ¹

238 943 242 950 ·
289 920 478 1012 orationis
498 934 625 1018 partes
648 912 1003 1018 deprehendimus,
1031 910 1291 1016 frequentiffi-

289 1057 355 1112 me
385 1034 430 1107 in
455 1033 603 1122 -verbo,
641 1037 735 1130 quia
763 1035 937 1134 plurima
963 1033 1060 1111 huic
1088 1032 1291 1122 accidunt,

129 1241 133 1248 Ι
216 1169 224 1176 ’“
291 1149 465 1247 ideoque
493 1150 538 1223 in
566 1173 615 1223 eo
643 1146 745 1223 fiunt
771 1142 992 1259 soloecismi
1023 1173 1095 1248 per
1122 1173 1292 1252 genero,

292 1281 488 1359 tempora,
513 1256 712 1371 personas,
739 1266 880 1352 modos,
909 1264 990 1337 live
1004 1257 1210 1367 cuistotns
1224 1288 1293 1339 eos

296 1377 378 1453 dici
390 1375 459 1453 seu
474 1378 680 1478 qualitates
693 1368 835 1477 placet,
865 1381 931 1453 vel
946 1376 1030 1466 ser,
1053 1379 1141 1467 vel,
1162 1393 1209 1453 ut
1224 1379 1295 1452 alii

298 1496 461 1582 volunt,
497 1509 586 1569 octo
615 1496 731 1589 (nam
759 1493 926 1569 totidem
955 1477 1150 1569 vitiorum
1177 1507 1297 1568 erunt

232 1659 235 1664 -
297 1606 469 1698 formae,
499 1609 543 1684 in
564 1625 663 1709 quot
686 1606 843 1709 species‘
855 1621 994 1685 eorum
1015 1591 1213 1708 quidque,
1244 1608 1297 1684 de
1325 1627 1332 1638 '

251 1727 290 1803 42
300 1726 447 1825 quibus
460 1720 578 1825 supra
591 1724 743 1799 dictum
761 1723 834 1814 est,
854 1722 1077 1824 diviseris):
1099 1733 1300 1826 praeterea
1317 1735 1323 1754 '

364 1923 455 2009 eorum
469 1952 591 2030 quidque.
625 1952 710 2008 Goth.
721 1958 739 2025 (
749 1968 798 2008 tac.
816 1954 918 2021 Geso.)
932 1952 1068 2030 quodque,
1090 1966 1123 2007 ut
1137 1967 1165 2008 et
1178 1939 1302 2012 Vofffz.
1373 1955 1377 1962 '

302 2042 336 2095 In
353 2037 446 2093 Guelf.
461 2037 656 2111 compendium
679 2037 829 2092 evanidam
851 2037 997 2112 scripturae
1018 2037 1136 2092 dubium
1155 2036 1303 2111 relinquit,

302 2138 400 2178 utrum
420 2121 484 2183 dare
504 2121 630 2177 voluerit
650 2120 789 2177 librarius.
834 2124 927 2180 Ceteri
948 2120 1037 2180 codd.
1057 2121 1179 2177 sileatur.
1221 2124 1304 2185 vett.

302 2207 417 2284 quidem
431 2206 493 2262 edd.
508 2206 654 2283 pleraeque
667 2208 800 2285 quodque.

274 2415 276 2420 '
304 2383 516 2481 donjunctivum
538 2406 569 2459 in
592 2407 705 2467 eodone,
733 2407 784 2479 qui
867 2427 957 2463 eoram
973 2439 1014 2450 -
1031 2408 1139 2462 dietum.
1161 2407 1308 2484 de'quilms
1348 2449 1350 2456 ·

304 2492 452 2570 fignificat,
471 2490 551 2564 loqui
570 2493 623 2563 Qu.
640 2510 675 2544 ex
690 2504 784 2544 mente
820 2488 908 2565 supra
924 2490 1248 2568 ‹lictumestfuntmodo
1262 2511 1308 2548 re-
1337 2537 1340 2544 .

305 2576 443 2635 eliorum,
464 2593 521 2628 uon
535 2575 580 2628 sue
592 2572 648 2642 (cf.
664 2575 696 2626 ad
715 2594 739 2635 ι,
756 2589 784 2634 2,
826 2578 938 2629 censitae
960 2575 1042 2631 verbi
1061 2591 1167 2650 parter,
1195 2596 1310 2652 genera,

308 2675 338 2714 2.
360 2659 503 2725 videtur);
542 2677 626 2731 quare
650 2659 730 2714 etiam
754 2659 785 2711 iu
827 2674 948 2732 tempora
975 2675 1025 2714 oet.
1056 2659 1107 2715 ubi
1140 2659 1307 2715 insolentius

307 2745 363 2799 fine
386 2743 477 2817 posuit
498 2741 589 2819 peffe,
610 2761 667 2796 non
689 2741 785 2820 postire,
826 2742 918 2818 paulo,
933 2743 1008 2817 quod
1019 2743 1232 2819 supradixitiu
1247 2759 1308 2812 tarn
1356 2781 1363 2798 ι

308 2826 387 2901 quod
408 2845 551 2901 perperam
574 2845 625 2900 pro
645 2826 696 2882 illo
710 2830 788 2883 inve-
829 2826 1104 2906 exignointervallo.
1125 2829 1261 2884 chantem
1278 2843 1308 2890 2.
1397 2879 1399 2884 .

308 2910 432 2968 bendum
448 2911 540 2966 suadet
553 2910 720 2967 Obrechtue.
834 2931 858 2972 ι,
879 2931 925 2966 ιο.
968 2913 1088 2967 FortalTe
1111 2907 1310 2968 tamen'dein·

351 2994 498 3051 cumulind
513 3023 554 3038 -·
566 3000 684 3068 ponitur.
713 2999 788 3054 Cave
830 2994 932 3050 dustria
959 2995 1066 3051 vitabat
1095 2999 1191 3059 modo,
1230 2995 1311 3070 quod

309 3080 420 3152 eredas,
442 3083 654 3136 controversiam
674 3082 705 3136 in
722 3084 790 3154 defi·
830 3082 976 3154 proprium
996 3081 1043 3135 liic
1063 3096 1121 3136 erat
1133 3079 1310 3142 adverbium.

309 3169 411 3222 uitione
425 3164 476 3219 effe
490 3165 592 3243 negari.
635 3167 788 3243 NegatQu.
830 3183 865 3218 ne
879 3165 948 3237 quid
961 3164 1121 3221 turbaretur
1135 3165 1230 3232 lector,
1240 3184 1311 3238 quo·

311 3249 347 3306 de
363 3269 410 3310 eo,
432 3264 529 3304 utrum
551 3250 582 3303 ad
601 3248 790 3325 soloecismum
831 3249 907 3303 niam
936 3249 970 3303 de
997 3251 1077 3305 modo
1103 3249 1177 3306 verbi
1206 3251 1312 3328 agitur.

311 3334 449 3410 pertineat
465 3337 733 3396 inmutationem,
749 3334 790 3388 ul·
831 3332 913 3388 Alius
933 3349 1027 3388 autem
1047 3333 1080 3389 ab
1096 3333 1156 3390 aliis
1170 3333 1312 3406 coustitui-

312 3418 368 3479 lam
394 3418 445 3472 effe
469 3422 692 3475 controversiam.
734 3422 791 3474 De·
833 3433 880 3472 tur
894 3438 1026 3474 numerus
1040 3420 1192 3480 modorum,
1211 3415 1339 3493 ‚qualett

215 3509 218 3514 '
311 3502 468 3560 fruitionem
500 3504 622 3565 addidit,
658 3523 693 3558 ne
727 3506 791 3578 quis
832 3503 984 3559 Diomedes
997 3524 1025 3579 p.
1038 3503 1145 3558 Putioh.
1162 3513 1222 3573 528
1236 3505 1312 3580 quin-

312 3587 471 3665 ignoraret,
493 3588 561 3659 quid
582 3607 615 3642 eo
633 3592 793 3642 immutatio·
834 3608 883 3663 qne
900 3591 1008 3665 agnosci
1022 3587 1239 3643 aGrammaticis
1253 3583 1313 3662 pIe·

313 3669 500 3726 aisvocabulo
514 3670 571 3724 h.l.
586 3674 790 3751 significaretur.
833 3691 970 3746 rumque,
1004 3688 1111 3734 narrat,
1145 3672 1190 3728 sed
1218 3687 1315 3728 tamen
1382 3701 1386 3712 ·

354 3776 453 3830 genera
470 3783 510 3799 -
532 3756 624 3810 modos
645 3788 686 3800 -
701 3755 793 3831 stanes
834 3757 965 3828 quosdam
984 3776 1071 3829 usque
1090 3757 1123 3811 ad
1139 3756 1231 3812 decem
1251 3761 1314 3812 roo·

313 3864 355 3882 -
376 3841 519 3913 qualitates
541 3840 575 3893 ci.
591 3840 681 3895 dehis
696 3856 791 3895 notam
834 3840 884 3894 dos
898 3840 1038 3918 progredi.
1082 3845 1171 3900 Varro
1185 3841 1219 3896 de
1233 3843 1312 3898 L-L·
1402 3885 1410 3896 .

315 3939 393 3999 exeg.
409 3922 440 3976 ad
462 3945 487 3985 1,
501 3934 530 3996 4,
546 3939 594 3989 27.
637 3927 670 3979 Id
690 3938 791 3986 autom,
833 3923 852 3979 l.
871 3926 1018 3997 9·p.liip.
1038 3926 1094 3992 167
1113 3924 1229 4000 sepser-
1247 3925 1315 3982 facit

313 4024 367 4080 pro
389 4024 445 4078 quo
466 4023 590 4082 expectet
607 4011 690 4069 Eunt,
711 4010 792 4082 reipi-
833 4007 1022 4062 declinaturum
1037 4011 1143 4084 specics,
1159 4010 1203 4065 [ed
1218 4011 1315 4065 iinon

312 4089 412 4148 ¹ciendo
429 4091 463 4143 ad
484 4096 648 4153 immutatio,
670 4093 790 4148 refertur
835 4095 895 4147 [unt
909 4093 1085 4158 arrodiureri,
1100 4114 1200 4150 verum
1216 4113 1316 4160 omnen

313 4172 347 4228 ed
362 4191 474 4228 omnem
489 4174 582 4236 illam,
603 4177 637 4231 de
650 4197 703 4251 qna
716 4196 793 4231 nunc
833 4178 863 4230 in
879 4194 978 4254 genere
994 4178 1075 4234 verbi
1087 4196 1185 4254 parter.
1225 4180 1318 4254 Quiu-
1352 4211 1358 4222 =

312 4258 386 4336 egit,
413 4276 472 4313 rem
493 4259 523 4313 in
546 4279 659 4338 genere.
688 4274 736 4315 aut
757 4260 792 4316 ed
833 4260 925 4316 tilimi
955 4277 1079 4337 ternpore
1107 4263 1242 4320 videntur
1270 4283 1320 4322 ene

312 4341 398 4399 verbe
414 4342 462 4400 ista
474 4365 533 4400 eum
547 4374 589 4387 -
607 4349 727 4421 ponitur.
833 4345 955 4402 maxime
969 4345 1117 4404 obtinuiffe
1130 4349 1263 4410 rationes,
1284 4365 1321 4406 ut
