2984 4959
274 492 345 540 120
432 516 445 570 5
509 472 565 542 u.
587 433 689 541 rao.
716 441 1025 565 outurnuui

144 553 151 581 l

229 660 557 758 tattonispraeco
571 635 842 757 pronunciet.
873 633 1014 764 'Quidl
1037 675 1121 733 non
1134 658 1278 747 Livius

278 775 380 849 circa
402 775 516 848 initia
541 770 670 848 statim
692 775 815 871 primi
841 774 953 862 libri,
994 774 1225 860 Tenuere,
1214 798 1277 846 m-
1336 827 1340 837 .

279 891 387 988 quit,
416 913 543 962 orcam
573 880 732 962 Sabini?
773 905 812 963 et
839 915 953 977 mox,
990 892 1041 970 Iu
1067 880 1279 996 aduersum

278 1003 449 1079 Romani
459 997 644 1112 subiere?
673 1004 751 1078 Sed
769 1025 891 1103 quem
903 1006 1037 1102 potius
1052 1028 1138 1101 ego,
1156 1027 1279 1102 quam
1386 1069 1389 1078 .

279 1121 338 1195 Μ
362 1115 565 1204 Tullium,
596 1116 762 1216 sequar?
797 1121 939 1217 quiin
965 1123 1148 1206 Oratore,
1178 1121 1281 1193 Non
1379 1183 1381 1188 s

281 1231 696 1331 reprebeud0,1nquit‚
700 1223 923 1342 scripsere:
942 1227 1014 1341 scr
1016 1226 1187 1341 ipserum*
1201 1224 1281 1343 effe

232 1352 413 1438 cauerint
422 1340 562 1454 sentio.
619 1350 832 1424 Similiter
821 1374 864 1421 m
880 1349 1085 1423 vocabulis
1099 1363 1138 1420 et
1150 1347 1284 1422 nomi·

280 1463 401 1536 nibus
423 1454 544 1569 sitsol
543 1455 765 1569 οεεὶβιιιιιὶἼ
733 1489 893 1550 «reuera,
921 1479 1089 1548 naamam,
1118 1457 1281 1570 proprie

282 1591 414 1648 autem
436 1570 590 1680 custbus.
652 1577 859 1678 Quidquid
883 1601 1026 1652 eorum
1054 1577 1166 1650 alteri
1193 1573 1278 1651 luc·
1359 1589 1361 1596 '

283 1687 414 1775 cedet,
451 1689 549 1761 huic
552 1692 671 1788 parti
692 1688 954 1789 subjungatur
973 1692 1067 1763 licet
1088 1714 1160 1819 per
1181 1713 1278 1762 conz-

185 1825 188 1833 ’
217 1829 225 1836 ··
252 1803 504 1900 ‘parationes
527 1818 565 1874 et
581 1797 892 1912 superstitiones,
927 1806 1104 1902 itemque
1124 1806 1168 1876 in
1190 1802 1278 1901 qui-

280 1917 356 2035 bus
378 1922 552 2013 putrium
572 1943 647 2017 pro
667 1908 877 2080 poffeffuuo
900 1918 1066 2008 dicitur,
1094 1920 1162 1994 vel
1184 1940 1279 2028 ton·
1338 1917 1340 1922 ’

280 2194 369 2251 liastae
394 2197 507 2253 Horatii
526 2199 668 2261 referunt,
697 2220 762 2256 eum
844 2206 961 2276 proprie.
1004 2202 1067 2254 Hoc
1081 2196 1281 2274 opponiturei,

284 2282 420 2338 vertendo
442 2288 567 2339 Homero
585 2300 613 2339 et
634 2286 762 2348 Pindaro,
803 2286 881 2359 quod
898 2285 1047 2340 antecedit:
1063 2283 1193 2361 fimiliter,
1215 2299 1281 2334 nam

284 2366 408 2439 itemque
434 2369 594 2424 Comoediis
615 2369 763 2424 scribendis
804 2368 881 2443 casus
898 2371 958 2424 sunt
972 2373 1080 2443 propria
1097 2365 1236 2420 vocabulis
1253 2379 1283 2420 et

284 2451 443 2505 innotuisse.
488 2455 628 2506 Memorat
649 2473 712 2506 eum
736 2467 764 2506 et
805 2453 984 2513 nominibus,
1006 2472 1069 2506 cunt
1086 2471 1178 2527 genus,
1194 2470 1283 2504 mune·
1374 2467 1377 2473 ’

285 2529 382 2590 Velius
403 2539 519 2613 Longus
534 2537 568 2591 de
582 2537 718 2615 Ortbogn
734 2556 763 2611 p.
805 2558 880 2597 rum,
902 2538 1060 2592 communia
1081 2533 1197 2590 habeant
1217 2553 1282 2589 cum

284 2614 393 2673 Putsch.
414 2633 504 2686 2237.
776 2619 904 2687 verbo.

328 2703 453 2757 Praetu
445 2722 473 2754 m
491 2703 619 2774 judiciis,
642 2703 701 2777 post
719 2702 767 2758 lta·
852 2704 1046 2786 Quidquid-
1055 2701 1188 2779 succedet.
1219 2703 1285 2755 Sen-

286 2783 359 2840 bitaa
374 2806 389 2839 a
403 2788 527 2882 patronis
548 2787 692 2859 utriusque
708 2786 766 2840 liti·
806 2768 849 2845 lut
870 2789 918 2843 hic
937 2788 1066 2843 videtur.
1100 2786 1284 2859 Quandocun·

109 2881 125 2935 l,
194 2921 196 2925 ,
274 2869 377 2947 ‘gantis
407 2871 546 2925 orationes
577 2870 679 2926 solebat
701 2890 766 2946 pro·
807 2893 861 2947 que
888 2871 1005 2927 alterum
1030 2861 1199 2940 vocabulum
1233 2881 1284 2922 eut

285 2954 417 3008 nunciare
436 2951 542 3017 dictare,
567 2955 611 3009 sed
626 2955 697 3016 hoc,
718 2958 767 3009 etsi
806 2965 908 3012 nom'en
922 2966 973 3032 pro
987 2956 1073 3009 altero
1087 2967 1284 3030 ponetur,pot·

284 3036 450 3112 plerumque
464 3040 524 3113 post
538 3040 658 3094 duorum
672 3055 765 3115 patro·
806 3043 860 3098 erit
876 3042 906 3094 id
927 3041 1030 3095 vitium
1053 3039 1087 3093 ad
1108 3039 1179 3094 hauc
1199 3036 1283 3093 soloe·

285 3119 397 3183 norum,
424 3137 515 3176 tamen
530 3128 611 3178 etiam
629 3126 690 3200 post
703 3123 765 3200 plu·
807 3128 953 3181 cismorum
969 3138 1076 3199 partem
1093 3122 1199 3181 referri,
1212 3137 1284 3194 quae

285 3207 360 3261 tium
373 3206 454 3261 fiebat
470 3210 618 3265 orationes.
806 3213 839 3266 sit
858 3211 888 3262 in
907 3207 1051 3265 vocabulis
1066 3222 1094 3261 et
1111 3205 1283 3282 nominibus.

325 3292 428 3347 Liuius·
444 3324 485 3335 -
508 3295 605 3347 Sabini.
648 3294 715 3349 Liv.
740 3314 766 3355 ι,
807 3294 916 3349 Scilicet
948 3294 1055 3368 patitur
1084 3292 1171 3376 magia
1190 3303 1285 3363 quam
1342 3289 1348 3308 ⁸

290 3389 336 3436 12,
355 3396 381 3428 1.
412 3379 530 3431 Romani
540 3377 654 3452 subiere.
673 3378 742 3432 ibid.
805 3376 885 3451 jubet
902 3381 954 3452 Qu.
976 3376 1142 3450 hujusmodi
1155 3375 1225 3429 vitia
1238 3391 1285 3427 an-

330 3463 357 3513 in
375 3461 489 3516 Oratore
505 3483 527 3516 c.
543 3472 592 3534 47.
630 3465 696 3542 Nou
710 3465 766 3537 ipsa
806 3462 946 3516 numerari
967 3460 1146 3521 soloecismis,
1167 3465 1230 3513 cum
1247 3472 1287 3510 ta·

286 3543 401 3615 quidem
431 3547 573 3601 Ciceronis
601 3545 686 3600 verba
719 3565 766 3602 ex·
807 3566 871 3600 rnen
891 3546 1047 3619 improbet,
1075 3544 1152 3619 quod
1179 3543 1286 3598 faciunt
1344 3549 1350 3560 '

285 3628 380 3702 preffit
404 3631 457 3702 Qu.
486 3630 529 3683 sed
551 3638 672 3683 mentem
695 3633 764 3703 ejus.
807 3630 929 3704 quidam,
945 3645 977 3683 ut
986 3628 1173 3704 soloecismum
1187 3639 1287 3701 putent
1363 3621 1365 3626 ’

239 3767 244 3772 ,
286 3714 409 3784 Apparet
429 3727 521 3768 autem
543 3715 674 3767 sententia
690 3716 766 3771 Cice-
806 3715 912 3772 vitium
934 3733 984 3787 per
998 3714 1188 3787 quantitatem.
1216 3727 1218 3734 ·

287 3795 410 3855 coninua,
419 3796 507 3869 ipsum
521 3799 675 3872 promiscue
690 3802 766 3851 usur·
849 3820 898 3873 put:
912 3818 1019 3872 compar
1051 3795 1285 3852 iones-dicitur.

268 3878 404 3950 'pandam
422 3883 527 3934 duxisse
543 3896 691 3954 utramque
710 3884 764 3936 sor·
806 3882 942 3957 Exempla
970 3882 1005 3936 lta
1072 3877 1287 3935 sunt'nominia
1370 3893 1377 3906 ·

288 3977 370 4021 mam,
388 3982 445 4014 non
459 3964 595 4041 assignatio
610 3965 686 4019 duali
701 3966 766 4020 alte·
806 3967 854 4024 vel
868 3965 999 4024 vocabuli
1014 3965 1127 4020 alteriue
1148 3961 1289 4019 sticceden·

286 4061 355 4096 ram.
399 4048 482 4117 Quod
502 4050 574 4122 apud
598 4051 655 4105 Cic.
683 4052 767 4105 eccll
809 4052 844 4105 tit
859 4051 954 4111 alteri
976 4051 1044 4105 lue.
1067 4066 1119 4124 pro
1134 4049 1221 4101 altero
1236 4064 1289 4120 po·

287 4126 525 4224 antescriuseruut,
536 4133 564 4185 id
579 4133 745 4212 libentereg
730 4154 766 4188 vo
808 4137 866 4197 siti,
908 4155 972 4190 cum
983 4125 1205 4209 comparativus
1234 4148 1288 4205 pro

286 4213 455 4265 mutaverim
472 4215 502 4266 in
517 4216 580 4293 ιιβ,
603 4218 708 4295 cumsa
729 4220 767 4273 fa·
808 4220 928 4294 positivo
953 4234 1000 4273 aut
1022 4218 1188 4294 suporlativo
1211 4216 1290 4270 usur·

287 4293 339 4350 cile
354 4297 571 4356 haurireturs
528 4321 544 4354 a
558 4303 685 4414 sequente
694 4300 736 4376 β.
808 4319 899 4379 patur.
915 4303 1099 4380 autvtaiffim.
1120 4299 1288 4376 Praepofitio
1374 4373 1376 4378 Ι
1402 4315 1407 4334 ·
